@inproceedings{basold2016type,
  title={Type theory based on dependent inductive and coinductive types},
  author={Basold, Henning and Geuvers, Herman},
  booktitle={Proceedings of the 31st Annual ACM/IEEE Symposium on Logic in Computer Science},
  pages={327--336},
  year={2016}
}
@article{loh2001tutorial,
  title={A tutorial implementation of a dependently typed lambda calculus},
  author={L{\"o}h, Andres and McBride, Conor and Swierstra, Wouter},
  journal={Fundamenta Informaticae},
  volume={21},
  pages={1001--1031},
  year={2001}
}
@article{abel2013copatterns,
  title={Copatterns: programming infinite structures by observations},
  author={Abel, Andreas and Pientka, Brigitte and Thibodeau, David and Setzer, Anton},
  journal={ACM SIGPLAN Notices},
  volume={48},
  number={1},
  pages={27--38},
  year={2013},
  publisher={ACM New York, NY, USA}
}
@article{binder2019decomposition,
  title={Decomposition diversity with symmetric data and codata},
  author={Binder, David and Jabs, Julian and Skupin, Ingo and Ostermann, Klaus},
  journal={Proceedings of the ACM on Programming Languages},
  volume={4},
  number={POPL},
  pages={1--28},
  year={2019},
  publisher={ACM New York, NY, USA}
}
@book{bertot2013interactive,
  title={Interactive theorem proving and program development: Coqâ€™Art: the calculus of inductive constructions},
  author={Bertot, Yves and Cast{\'e}ran, Pierre},
  year={2013},
  publisher={Springer Science \& Business Media}
}
@book{chlipala2013certified,
  title={Certified programming with dependent types: a pragmatic introduction to the Coq proof assistant},
  author={Chlipala, Adam},
  year={2013},
  publisher={MIT Press}
}

@online{oury2008,
  author={Nicolas Oury},
  title={Coinductive types and type preservation},
  url={https://sympa.inria.fr/sympa/arc/coq-club/2008-06/msg00022.html},
  year={2008},
  month={06},
  note={Message on the coq-club maling list}
}

@inproceedings{sozeau2014universe,
  title={Universe polymorphism in Coq},
  author={Sozeau, Matthieu and Tabareau, Nicolas},
  booktitle={International Conference on Interactive Theorem Proving},
  pages={499--514},
  year={2014},
  organization={Springer}
}
@online{agdadocuniverselevels,
  title={Universe Levels - Agda 2.6.1.1 documentation},
  url={https://agda.readthedocs.io/en/v2.6.1.1/language/universe-levels.html}
}
@article{abel2010miniagda,
  title={MiniAgda: Integrating sized and dependent types},
  author={Abel, Andreas},
  journal={arXiv preprint arXiv:1012.4896},
  year={2010}
}

@inproceedings{de1972lambda,
  title={Lambda calculus notation with nameless dummies, a tool for automatic formula manipulation, with application to the Church-Rosser theorem},
  author={De Bruijn, Nicolaas Govert},
  booktitle={Indagationes Mathematicae (Proceedings)},
  volume={75},
  number={5},
  pages={381--392},
  year={1972},
  organization={North-Holland}
}

@article{bove2005modelling,
  title={Modelling general recursion in type theory},
  author={Bove, Ana and Capretta, Venanzio},
  journal={Mathematical Structures in Computer Science},
  volume={15},
  number={4},
  pages={671--708},
  year={2005}
}